@article{pan97_foldin_rna_invol_paral_pathw,
  author =       {Jie Pan and D. Thirumalai and Sarah A. Woodson},
  title =        {Folding of Rna Involves Parallel Pathways},
  journal =      {Journal of Molecular Biology},
  volume =       273,
  number =       1,
  pages =        {7-13},
  year =         1997,
  doi =          {10.1006/jmbi.1997.1311},
  url =          {https://doi.org/10.1006/jmbi.1997.1311},
  DATE_ADDED =   {Tue Mar 30 16:16:24 2021},
}

@article{solomatin10_multip_nativ_states_reveal_persis,
  author =       {Sergey V. Solomatin and Max Greenfeld and Steven Chu and
                  Daniel Herschlag},
  title =        {Multiple Native States Reveal Persistent Ruggedness of an Rna
                  Folding Landscape},
  journal =      {Nature},
  volume =       463,
  number =       7281,
  pages =        {681-684},
  year =         2010,
  doi =          {10.1038/nature08717},
  url =          {https://doi.org/10.1038/nature08717},
  DATE_ADDED =   {Tue Mar 30 16:23:16 2021},
}

@article{russell01_explor_foldin_lands_struc_rna,
  author =       {R. Russell and X. Zhuang and H. P. Babcock and I. S. Millett
                  and S. Doniach and S. Chu and D. Herschlag},
  title =        {Exploring the Folding Landscape of a Structured Rna},
  journal =      {Proceedings of the National Academy of Sciences},
  volume =       99,
  number =       1,
  pages =        {155-160},
  year =         2001,
  doi =          {10.1073/pnas.221593598},
  url =          {https://doi.org/10.1073/pnas.221593598},
  DATE_ADDED =   {Tue Mar 30 16:41:07 2021},
}

@article{martinez84_rna_foldin_rule,
  author =       {Hugo M. Martinez},
  title =        {An Rna Folding Rule},
  journal =      {Nucleic Acids Research},
  volume =       12,
  number =       {1Part1},
  pages =        {323-334},
  year =         1984,
  doi =          {10.1093/nar/12.1part1.323},
  url =          {https://doi.org/10.1093/nar/12.1part1.323},
  DATE_ADDED =   {Tue Mar 30 17:08:15 2021},
}

@article{flamm00_rna_foldin_at_elemen_step_resol,
  author =       {CHRISTOPH FLAMM and WALTER FONTANA and IVO L. HOFACKER and
                  PETER SCHUSTER},
  title =        {Rna Folding At Elementary Step Resolution},
  journal =      {RNA},
  volume =       6,
  number =       3,
  pages =        {325-338},
  year =         2000,
  doi =          {10.1017/s1355838200992161},
  url =          {https://doi.org/10.1017/s1355838200992161},
  DATE_ADDED =   {Tue Mar 30 17:09:32 2021},
}

@article{mathews04_incor_chemic_modif_const_into,
  author =       {D. H. Mathews and M. D. Disney and J. L. Childs and S. J.
                  Schroeder and M. Zuker and D. H. Turner},
  title =        {Incorporating Chemical Modification Constraints Into a Dynamic
                  Programming Algorithm for Prediction of Rna Secondary
                  Structure},
  journal =      {Proceedings of the National Academy of Sciences},
  volume =       101,
  number =       19,
  pages =        {7287-7292},
  year =         2004,
  doi =          {10.1073/pnas.0401799101},
  url =          {https://doi.org/10.1073/pnas.0401799101},
  DATE_ADDED =   {Tue Mar 30 17:30:47 2021},
}

@article{mathews19_how_to_bench_rna_secon,
  author =       {David H. Mathews},
  title =        {How To Benchmark Rna Secondary Structure Prediction Accuracy},
  journal =      {Methods},
  volume =       {162-163},
  number =       {nil},
  pages =        {60-67},
  year =         2019,
  doi =          {10.1016/j.ymeth.2019.04.003},
  url =          {https://doi.org/10.1016/j.ymeth.2019.04.003},
  DATE_ADDED =   {Tue Mar 30 17:32:48 2021},
}

@article{zuker81_optim_comput_foldin_large_rna,
  author =       {Michael Zuker and Patrick Stiegler},
  title =        {Optimal Computer Folding of Large Rna Sequences Using
                  Thermodynamics and Auxiliary Information},
  journal =      {Nucleic Acids Research},
  volume =       9,
  number =       1,
  pages =        {133-148},
  year =         1981,
  doi =          {10.1093/nar/9.1.133},
  url =          {https://doi.org/10.1093/nar/9.1.133},
  DATE_ADDED =   {Tue Mar 30 17:38:23 2021},
}

@article{hofacker03_vienn_rna_secon_struc_server,
  author =       {I. L. Hofacker},
  title =        {Vienna Rna Secondary Structure Server},
  journal =      {Nucleic Acids Research},
  volume =       31,
  number =       13,
  pages =        {3429-3431},
  year =         2003,
  doi =          {10.1093/nar/gkg599},
  url =          {https://doi.org/10.1093/nar/gkg599},
  DATE_ADDED =   {Tue Mar 30 17:39:43 2021},
}

@article{zuker03_mfold_web_server_nucleic_acid,
  author =       {M. Zuker},
  title =        {Mfold Web Server for Nucleic Acid Folding and Hybridization
                  Prediction},
  journal =      {Nucleic Acids Research},
  volume =       31,
  number =       13,
  pages =        {3406-3415},
  year =         2003,
  doi =          {10.1093/nar/gkg595},
  url =          {https://doi.org/10.1093/nar/gkg595},
  DATE_ADDED =   {Tue Mar 30 17:40:39 2021},
}

@article{reuter10_rnast,
  author =       {Jessica S Reuter and David H Mathews},
  title =        {Rnastructure: Software for Rna Secondary Structure Prediction
                  and Analysis},
  journal =      {BMC Bioinformatics},
  volume =       11,
  number =       1,
  pages =        129,
  year =         2010,
  doi =          {10.1186/1471-2105-11-129},
  url =          {https://doi.org/10.1186/1471-2105-11-129},
  DATE_ADDED =   {Tue Mar 30 17:42:20 2021},
}

@misc{sato20_rna,
  DATE_ADDED =   {Tue Mar 30 17:54:34 2021},
  author =       {Kengo Sato and Manato Akiyama and Yasubumi Sakakibara},
  doi =          {10.1101/2020.08.10.244442},
  title =        {RNA secondary structure prediction using deep learning with
                  thermodynamic integration},
  url =          {https://doi.org/10.1101/2020.08.10.244442},
  year =         2020,
}

@article{huang19_linear,
  author =       {Liang Huang and He Zhang and Dezhong Deng and Kai Zhao and
                  Kaibo Liu and David A Hendrix and David H Mathews},
  title =        {Linearfold: Linear-Time Approximate Rna Folding By 5'-to-3'
                  Dynamic Programming and Beam Search},
  journal =      {Bioinformatics},
  volume =       35,
  number =       14,
  pages =        {i295-i304},
  year =         2019,
  doi =          {10.1093/bioinformatics/btz375},
  url =          {https://doi.org/10.1093/bioinformatics/btz375},
  DATE_ADDED =   {Tue Mar 30 17:55:20 2021},
}

@inbook{schroeder09_optic_meltin_measur_nucleic_acid_therm,
  DATE_ADDED =   {Tue Mar 30 17:57:55 2021},
  author =       {Susan J. Schroeder and Douglas H. Turner},
  booktitle =    {Methods in Enzymology},
  doi =          {10.1016/s0076-6879(09)68017-4},
  pages =        {371-387},
  publisher =    {Elsevier},
  series =       {Methods in Enzymology},
  title =        {Optical Melting Measurements of Nucleic Acid Thermodynamics},
  url =          {https://doi.org/10.1016/s0076-6879(09)68017-4},
  year =         {2009},
}


@article{turner09_nndb,
  author =       {Douglas H. Turner and David H. Mathews},
  title =        {Nndb: the Nearest Neighbor Parameter Database for Predicting
                  Stability of Nucleic Acid Secondary Structure},
  journal =      {Nucleic Acids Research},
  volume =       38,
  number =       {suppl_1},
  pages =        {D280-D282},
  year =         2009,
  doi =          {10.1093/nar/gkp892},
  url =          {https://doi.org/10.1093/nar/gkp892},
  DATE_ADDED =   {Tue Mar 30 17:59:03 2021},
}

@article{leontis01_geomet_nomen_class_rna_base_pairs,
  author =       {NEOCLES B. LEONTIS and ERIC WESTHOF},
  title =        {Geometric Nomenclature and Classification of Rna Base Pairs},
  journal =      {RNA},
  volume =       7,
  number =       4,
  pages =        {499-512},
  year =         2001,
  doi =          {10.1017/s1355838201002515},
  url =          {https://doi.org/10.1017/s1355838201002515},
  DATE_ADDED =   {Tue Mar 30 18:14:46 2021},
}

@article{tinoco99_how_rna_folds,
  author =       {Ignacio Tinoco and Carlos Bustamante},
  title =        {How Rna Folds},
  journal =      {Journal of Molecular Biology},
  volume =       293,
  number =       2,
  pages =        {271-281},
  year =         1999,
  doi =          {10.1006/jmbi.1999.3001},
  url =          {https://doi.org/10.1006/jmbi.1999.3001},
  DATE_ADDED =   {Tue Mar 30 18:20:27 2021},
}

@article{dill97_addit_princ_bioch,
  author =       {Ken A. Dill},
  title =        {Additivity Principles in Biochemistry},
  journal =      {Journal of Biological Chemistry},
  volume =       272,
  number =       2,
  pages =        {701-704},
  year =         1997,
  doi =          {10.1074/jbc.272.2.701},
  url =          {https://doi.org/10.1074/jbc.272.2.701},
  DATE_ADDED =   {Tue Mar 30 18:21:53 2021},
}

@article{felsenstein82_effic_method_match_nucleic_acid_sequen,
  author =       {Joseph Felsenstein and Stanley Sawyer and Rochelle Kochin},
  title =        {An Efficient Method for Matching Nucleic Acid Sequences},
  journal =      {Nucleic Acids Research},
  volume =       10,
  number =       1,
  pages =        {133-139},
  year =         1982,
  doi =          {10.1093/nar/10.1.133},
  url =          {https://doi.org/10.1093/nar/10.1.133},
  DATE_ADDED =   {Tue Mar 30 18:25:15 2021},
}

@article{katoh02_mafft,
  author =       {K. Katoh},
  title =        {Mafft: a Novel Method for Rapid Multiple Sequence Alignment
                  Based on Fast Fourier Transform},
  journal =      {Nucleic Acids Research},
  volume =       30,
  number =       14,
  pages =        {3059-3066},
  year =         2002,
  doi =          {10.1093/nar/gkf436},
  url =          {https://doi.org/10.1093/nar/gkf436},
  DATE_ADDED =   {Tue Mar 30 18:25:55 2021},
}

@article{baranov05_progr_ribos_frames_decod_sars_cov_genom,
  author =       {Pavel V. Baranov and Clark M. Henderson and Christine B.
                  Anderson and Raymond F. Gesteland and John F. Atkins and
                  Michael T. Howard},
  title =        {Programmed Ribosomal Frameshifting in Decoding the Sars-Cov
                  Genome},
  journal =      {Virology},
  volume =       332,
  number =       2,
  pages =        {498-510},
  year =         2005,
  doi =          {10.1016/j.virol.2004.11.038},
  url =          {https://doi.org/10.1016/j.virol.2004.11.038},
  DATE_ADDED =   {Tue Mar 30 19:07:02 2021},
}

@article{lorenz11_vienn_packag,
  author =       {Ronny Lorenz and Stephan H Bernhart and Christian H{\"o}ner zu
                  Siederdissen and Hakim Tafer and Christoph Flamm and Peter F
                  Stadler and Ivo L Hofacker},
  title =        {Viennarna Package 2.0},
  journal =      {Algorithms for Molecular Biology},
  volume =       6,
  number =       1,
  pages =        26,
  year =         2011,
  doi =          {10.1186/1748-7188-6-26},
  url =          {https://doi.org/10.1186/1748-7188-6-26},
  DATE_ADDED =   {Tue Mar 30 19:08:22 2021},
}

@inbook{amman13_troub_long_range_base_pairs_rna_foldin,
  DATE_ADDED =   {Tue Mar 30 19:13:23 2021},
  author =       {Fabian Amman and Stephan H. Bernhart and Gero Doose and Ivo L.
                  Hofacker and Jing Qin and Peter F. Stadler and Sebastian Will},
  booktitle =    {Advances in Bioinformatics and Computational Biology},
  doi =          {10.1007/978-3-319-02624-4_1},
  pages =        {1-11},
  publisher =    {Springer International Publishing},
  series =       {Advances in Bioinformatics and Computational Biology},
  title =        {The Trouble with Long-Range Base Pairs in RNA Folding},
  url =          {https://doi.org/10.1007/978-3-319-02624-4_1},
  year =         {2013},
}

@article{geis2008folding,
  title={Folding kinetics of large RNAs},
  author={Geis, Michael and Flamm, Christoph and Wolfinger, Michael T and Tanzer, Andrea and Hofacker, Ivo L and Middendorf, Martin and Mandl, Christian and Stadler, Peter F and Thurner, Caroline},
  journal={Journal of molecular biology},
  volume={379},
  number={1},
  pages={160--173},
  year={2008},
  publisher={Elsevier}
}

@article{vitreschak04_ribos,
  author =       {A Vitreschak},
  title =        {Riboswitches: the Oldest Mechanism for the Regulation of Gene
                  Expression?},
  journal =      {Trends in Genetics},
  volume =       20,
  number =       1,
  pages =        {44-50},
  year =         2004,
  doi =          {10.1016/j.tig.2003.11.008},
  url =          {https://doi.org/10.1016/j.tig.2003.11.008},
  DATE_ADDED =   {Fri Apr 2 16:55:19 2021},
}

@article{darty09_varna,
  author =       {K{\'e}vin Darty and Alain Denise and Yann Ponty},
  title =        {Varna: Interactive Drawing and Editing of the Rna Secondary
                  Structure},
  journal =      {Bioinformatics},
  volume =       25,
  number =       15,
  pages =        {1974-1975},
  year =         2009,
  doi =          {10.1093/bioinformatics/btp250},
  url =          {https://doi.org/10.1093/bioinformatics/btp250},
  DATE_ADDED =   {Fri Apr 2 21:27:24 2021},
}


@inproceedings{lorenz20_effic_comput_base_probab_multi_rna_foldin,
  author =       {Ronny Lorenz and Christoph Flamm and Ivo Hofacker and Peter
                  Stadler},
  title =        {Efficient Computation of Base-pairing Probabilities in
                  Multi-strand RNA Folding},
  booktitle =    {Proceedings of the 13th International Joint Conference on
                  Biomedical Engineering Systems and Technologies},
  year =         2020,
  pages =        {nil},
  doi =          {10.5220/0008916600230031},
  url =          {https://doi.org/10.5220/0008916600230031},
  DATE_ADDED =   {Sat Apr 10 11:13:36 2021},
  month =        {-},
}

@article{wolfinger04_effic_comput_rna_foldin_dynam,
  author =       {Michael T Wolfinger and W Andreas Svrcek-Seiler and Christoph
                  Flamm and Ivo L Hofacker and Peter F Stadler},
  title =        {Efficient Computation of Rna Folding Dynamics},
  journal =      {Journal of Physics A: Mathematical and General},
  volume =       37,
  number =       17,
  pages =        {4731-4741},
  year =         2004,
  doi =          {10.1088/0305-4470/37/17/005},
  url =          {https://doi.org/10.1088/0305-4470/37/17/005},
  DATE_ADDED =   {Mon May 3 16:30:36 2021},
}

@article{flamm02_barrier_trees_degen_lands,
  author =       {Christoph Flamm and Ivo L. Hofacker and Peter F. Stadler and
                  Michael T. Wolfinger},
  title =        {Barrier Trees of Degenerate Landscapes},
  journal =      {Zeitschrift f{\"u}r Physikalische Chemie},
  volume =       216,
  number =       2,
  pages =        {nil},
  year =         2002,
  doi =          {10.1524/zpch.2002.216.2.155},
  url =          {https://doi.org/10.1524/zpch.2002.216.2.155},
  DATE_ADDED =   {Mon May 3 16:32:30 2021},
}

@article{han10_desig_strat_aptam_based_biosen,
  author =       {Kun Han and Zhiqiang Liang and Nandi Zhou},
  title =        {Design Strategies for Aptamer-Based Biosensors},
  journal =      {Sensors},
  volume =       10,
  number =       5,
  pages =        {4541-4557},
  year =         2010,
  doi =          {10.3390/s100504541},
  url =          {https://doi.org/10.3390/s100504541},
  DATE_ADDED =   {Fri May 7 18:15:40 2021},
}

@article{domin16_applic_comput_desig_approac_synth_ribos,
  author =       {Gesine Domin and Sven Findei{\ss} and Manja Wachsmuth and
                  Sebastian Will and Peter F. Stadler and Mario M{\"o}rl},
  title =        {Applicability of a Computational Design Approach for Synthetic
                  Riboswitches},
  journal =      {Nucleic Acids Research},
  volume =       {nil},
  number =       {nil},
  pages =        {gkw1267},
  year =         2016,
  doi =          {10.1093/nar/gkw1267},
  url =          {https://doi.org/10.1093/nar/gkw1267},
  DATE_ADDED =   {Mon May 10 09:42:05 2021},
}

@article{ramakrishnan02_ribos_struc_mechan_trans,
  author =       {V. Ramakrishnan},
  title =        {Ribosome Structure and the Mechanism of Translation},
  journal =      {Cell},
  volume =       108,
  number =       4,
  pages =        {557-572},
  year =         2002,
  doi =          {10.1016/s0092-8674(02)00619-0},
  url =          {https://doi.org/10.1016/s0092-8674(02)00619-0},
  DATE_ADDED =   {Mon May 10 09:45:17 2021},
}

@article{ambros04_funct_animal_micror,
  author =       {Victor Ambros},
  title =        {The Functions of Animal Micrornas},
  journal =      {Nature},
  volume =       431,
  number =       7006,
  pages =        {350-355},
  year =         2004,
  doi =          {10.1038/nature02871},
  url =          {https://doi.org/10.1038/nature02871},
  DATE_ADDED =   {Mon May 10 09:45:58 2021},
}

@article{rivas11_range_compl_probab_model_rna,
  author =       {E. Rivas and R. Lang and S. R. Eddy},
  title =        {A Range of Complex Probabilistic Models for Rna Secondary
                  Structure Prediction That Includes the Nearest-Neighbor Model
                  and More},
  journal =      {RNA},
  volume =       18,
  number =       2,
  pages =        {193-212},
  year =         2011,
  doi =          {10.1261/rna.030049.111},
  url =          {https://doi.org/10.1261/rna.030049.111},
  DATE_ADDED =   {Mon May 10 15:09:04 2021},
}

@article{singh19_rna_secon_struc_predic_using,
  author =       {Jaswinder Singh and Jack Hanson and Kuldip Paliwal and Yaoqi
                  Zhou},
  title =        {Rna Secondary Structure Prediction Using an Ensemble of
                  Two-Dimensional Deep Neural Networks and Transfer Learning},
  journal =      {Nature Communications},
  volume =       10,
  number =       1,
  pages =        5407,
  year =         2019,
  doi =          {10.1038/s41467-019-13395-9},
  url =          {https://doi.org/10.1038/s41467-019-13395-9},
  DATE_ADDED =   {Mon May 10 15:35:58 2021},
}

@article{zhang06_explor_compl_foldin_kinet_rna_hairp,
  author =       {Wenbing Zhang and Shi-Jie Chen},
  title =        {Exploring the Complex Folding Kinetics of Rna Hairpins: I.
                  General Folding Kinetics Analysis},
  journal =      {Biophysical Journal},
  volume =       90,
  number =       3,
  pages =        {765-777},
  year =         2006,
  doi =          {10.1529/biophysj.105.062935},
  url =          {https://doi.org/10.1529/biophysj.105.062935},
  DATE_ADDED =   {Mon May 10 16:26:44 2021},
}

@article{zhang02_rna_hairp_foldin_kinet,
  author =       {W. Zhang and S.-J. Chen},
  title =        {Rna Hairpin-Folding Kinetics},
  journal =      {Proceedings of the National Academy of Sciences},
  volume =       99,
  number =       4,
  pages =        {1931-1936},
  year =         2002,
  doi =          {10.1073/pnas.032443099},
  url =          {https://doi.org/10.1073/pnas.032443099},
  DATE_ADDED =   {Mon May 10 16:44:20 2021},
}

@article{benson90_fourier_method_bioseq_analy,
  author =       {Donald C. Benson},
  title =        {Fourier Methods for Biosequence Analysis},
  journal =      {Nucleic Acids Research},
  volume =       18,
  number =       21,
  pages =        {6305-6310},
  year =         1990,
  doi =          {10.1093/nar/18.21.6305},
  url =          {https://doi.org/10.1093/nar/18.21.6305},
  DATE_ADDED =   {Tue May 11 12:25:34 2021},
}

@article{guo95_kinet_protein_foldin,
  author =       {Zhuyan Guo and D. Thirumalai},
  title =        {Kinetics of Protein Folding: Nucleation Mechanism, Time
                  Scales, and Pathways},
  journal =      {Biopolymers},
  volume =       36,
  number =       1,
  pages =        {83-102},
  year =         1995,
  doi =          {10.1002/bip.360360108},
  url =          {https://doi.org/10.1002/bip.360360108},
  DATE_ADDED =   {Tue May 11 13:56:31 2021},
}

